<?xml version="1.0" encoding="UTF-8"?><record xmlns="http://www.loc.gov/MARC21/slim" xmlns:cinclude="http://apache.org/cocoon/include/1.0" xmlns:zs="http://www.loc.gov/zing/srw/">
  <leader>00491cz  a2200145n  4500</leader>
  <controlfield tag="001">n  79112073 </controlfield>
  <controlfield tag="003">DLC</controlfield>
  <controlfield tag="005">20081224075402.0</controlfield>
  <controlfield tag="008">790924n| acannaabn          |a aaa      </controlfield>
  <datafield tag="010" ind1=" " ind2=" ">
    <subfield code="a">n  79112073 </subfield>
  </datafield>
  <datafield tag="035" ind1=" " ind2=" ">
    <subfield code="a">(OCoLC)oca00343899</subfield>
  </datafield>
  <datafield tag="040" ind1=" " ind2=" ">
    <subfield code="a">DLC</subfield>
    <subfield code="b">eng</subfield>
    <subfield code="c">DLC</subfield>
    <subfield code="d">TNJ</subfield>
    <subfield code="d">OrU</subfield>
  </datafield>
  <datafield tag="100" ind1="1" ind2=" ">
    <subfield code="a">ShklovskiiĚ, Viktor,</subfield>
    <subfield code="d">1893-1984.</subfield>
    <subfield code="t">O teorii prozy.</subfield>
    <subfield code="l">Italian</subfield>
  </datafield>
  <datafield tag="400" ind1="1" ind2=" ">
    <subfield code="a">ShklovskiiĚ, Viktor,</subfield>
    <subfield code="d">1893-1984.</subfield>
    <subfield code="t">Teoria della prosa</subfield>
  </datafield>
  <datafield tag="670" ind1=" " ind2=" ">
    <subfield code="a">Teoria della prosa, 1976:</subfield>
    <subfield code="b">verso of t.p. (Titolo originale: O teorii prozy)</subfield>
  </datafield>
</record>